<?xml version="1.0" encoding="UTF-8"?>
<!DOCTYPE html PUBLIC "-//W3C//DTD XHTML 1.0 Transitional//EN"
    "http://www.w3.org/TR/xhtml1/DTD/xhtml1-transitional.dtd">
<html xmlns="http://www.w3.org/1999/xhtml" xml:lang="en" lang="en">
 <head>
  <title>
</title>
<meta http-equiv="Content-Type" content="text/html;charset=utf-8" />
  <meta name='ocr-system' content='tesseract 3.04.00' />
  <meta name='ocr-capabilities' content='ocr_page ocr_carea ocr_par ocr_line ocrx_word'/>
</head>
<body>
  <div class='ocr_page' id='page_1' title='image "./generaplantarum00hoffgoog_0271.png"; bbox 0 0 2946 5014; ppageno 0'>
   <div class='ocr_carea' id='block_1_1' title="bbox 422 621 2558 4067">
    <p class='ocr_par' dir='ltr' id='par_1_1' title="bbox 1364 621 1680 722">
     <span class='ocr_line' id='line_1_1' title="bbox 1364 621 1680 722; baseline 0.009 -3"><span class='ocrx_word' id='word_1_1' title='bbox 1364 621 1404 719; x_wconf 93' lang='lat'>(</span> <span class='ocrx_word' id='word_1_2' title='bbox 1502 623 1550 695; x_wconf 72' lang='grc' dir='ltr'><strong>δ</strong></span> <span class='ocrx_word' id='word_1_3' title='bbox 1646 622 1680 722; x_wconf 90' lang='grc'>)</span> 
     </span>
    </p>

    <p class='ocr_par' dir='ltr' id='par_1_2' title="bbox 422 793 2558 3167">
     <span class='ocr_line' id='line_1_2' title="bbox 465 793 2550 902; baseline 0 -30"><span class='ocrx_word' id='word_1_4' title='bbox 465 887 471 902; x_wconf 86' lang='lat'><em>.</em></span> <span class='ocrx_word' id='word_1_5' title='bbox 520 799 602 873; x_wconf 90' lang='lat' dir='ltr'>in</span> <span class='ocrx_word' id='word_1_6' title='bbox 633 795 1037 899; x_wconf 87' lang='lat' dir='ltr'>superficie</span> <span class='ocrx_word' id='word_1_7' title='bbox 1067 797 1282 872; x_wconf 83' lang='lat' dir='ltr'>haud</span> <span class='ocrx_word' id='word_1_8' title='bbox 1318 794 1729 900; x_wconf 73' lang='lat' dir='ltr'>aequabili,</span> <span class='ocrx_word' id='word_1_9' title='bbox 1766 794 2020 870; x_wconf 77' lang='lat' dir='ltr'>media</span> <span class='ocrx_word' id='word_1_10' title='bbox 2048 793 2253 869; x_wconf 83' lang='lat' dir='ltr'>linea</span> <span class='ocrx_word' id='word_1_11' title='bbox 2298 820 2550 897; x_wconf 81' lang='lat' dir='ltr'>opaca</span> 
     </span>
     <span class='ocr_line' id='line_1_3' title="bbox 422 943 2544 1053; baseline -0.001 -30"><span class='ocrx_word' id='word_1_12' title='bbox 422 1020 433 1033; x_wconf 82' lang='grc'><em>,</em></span> <span class='ocrx_word' id='word_1_13' title='bbox 517 975 1024 1053; x_wconf 85' lang='lat' dir='ltr'>percursum,</span> <span class='ocrx_word' id='word_1_14' title='bbox 1056 947 1503 1024; x_wconf 83' lang='lat' dir='ltr'>brevissime</span> <span class='ocrx_word' id='word_1_15' title='bbox 1545 946 2184 1048; x_wconf 74' lang='lat' dir='ltr'>unguiculatum5</span> <span class='ocrx_word' id='word_1_16' title='bbox 2224 943 2544 1047; x_wconf 80' lang='lat' dir='ltr'>reliquis</span> 
     </span>
     <span class='ocr_line' id='line_1_4' title="bbox 521 1094 2538 1204; baseline -0.005 -24"><span class='ocrx_word' id='word_1_17' title='bbox 521 1119 862 1204; x_wconf 84' lang='lat' dir='ltr'>quatuor</span> <span class='ocrx_word' id='word_1_18' title='bbox 896 1099 1482 1203; x_wconf 86' lang='lat' dir='ltr'>subaequaIibus</span> <span class='ocrx_word' id='word_1_19' title='bbox 1510 1154 1533 1198; x_wconf 87' lang='lat'>‚</span> <span class='ocrx_word' id='word_1_20' title='bbox 1599 1098 1953 1174; x_wconf 82' lang='lat' dir='ltr'>obovatis</span> <span class='ocrx_word' id='word_1_21' title='bbox 1980 1151 2011 1190; x_wconf 84' lang='lat'><em>,</em></span> <span class='ocrx_word' id='word_1_22' title='bbox 2067 1123 2162 1170; x_wconf 82' lang='lat' dir='ltr'>ex</span> <span class='ocrx_word' id='word_1_23' title='bbox 2195 1094 2538 1199; x_wconf 85' lang='lat' dir='ltr'>elliptico</span> 
     </span>
     <span class='ocr_line' id='line_1_5' title="bbox 462 1215 2542 1356; baseline -0.001 -28"><span class='ocrx_word' id='word_1_24' title='bbox 462 1335 469 1338; x_wconf 82' lang='lat'><em>.</em></span> <span class='ocrx_word' id='word_1_25' title='bbox 519 1215 874 1356; x_wconf 86' lang='lat' dir='ltr'>oblongis</span> <span class='ocrx_word' id='word_1_26' title='bbox 905 1307 929 1345; x_wconf 90' lang='lat'>,</span> <span class='ocrx_word' id='word_1_27' title='bbox 984 1251 1242 1330; x_wconf 84' lang='lat' dir='ltr'>medio</span> <span class='ocrx_word' id='word_1_28' title='bbox 1277 1251 1672 1347; x_wconf 76' lang='lat' dir='ltr'>nervosis,</span> <span class='ocrx_word' id='word_1_29' title='bbox 1725 1251 1961 1354; x_wconf 85' lang='lat' dir='ltr'>triplo</span> <span class='ocrx_word' id='word_1_30' title='bbox 1999 1250 2542 1353; x_wconf 80' lang='lat' dir='ltr'>quadruplove</span> 
     </span>
     <span class='ocr_line' id='line_1_6' title="bbox 516 1399 2544 1505; baseline -0.002 -26"><span class='ocrx_word' id='word_1_31' title='bbox 516 1404 975 1486; x_wconf 82' lang='lat' dir='ltr'>minorihus.</span> <span class='ocrx_word' id='word_1_32' title='bbox 1039 1404 1380 1481; x_wconf 88' lang='lat' dir='ltr'>Flosculi</span> <span class='ocrx_word' id='word_1_33' title='bbox 1436 1403 1633 1480; x_wconf 84' lang='lat' dir='ltr'>disci</span> <span class='ocrx_word' id='word_1_34' title='bbox 1700 1420 1863 1479; x_wconf 79' lang='lat' dir='ltr'>tam</span> <span class='ocrx_word' id='word_1_35' title='bbox 1923 1399 2544 1505; x_wconf 81' lang='lat' dir='ltr'>hermaphroditi</span> 
     </span>
     <span class='ocr_line' id='line_1_7' title="bbox 514 1553 2545 1658; baseline -0 -29"><span class='ocrx_word' id='word_1_36' title='bbox 514 1556 776 1658; x_wconf 79' lang='lat' dir='ltr'>petalo</span> <span class='ocrx_word' id='word_1_37' title='bbox 796 1555 1090 1658; x_wconf 71' lang='lat' dir='ltr'>&#39;quinto</span> <span class='ocrx_word' id='word_1_38' title='bbox 1122 1555 1398 1658; x_wconf 85' lang='lat' dir='ltr'>majori</span> <span class='ocrx_word' id='word_1_39' title='bbox 1430 1555 1749 1658; x_wconf 87' lang='lat' dir='ltr'>reliquis</span> <span class='ocrx_word' id='word_1_40' title='bbox 1780 1612 1803 1657; x_wconf 82' lang='lat'>,</span> <span class='ocrx_word' id='word_1_41' title='bbox 1836 1553 2199 1630; x_wconf 81' lang='lat' dir='ltr'>instructi</span> <span class='ocrx_word' id='word_1_42' title='bbox 2225 1607 2256 1648; x_wconf 84' lang='lat'><em>,</em></span> <span class='ocrx_word' id='word_1_43' title='bbox 2302 1579 2545 1656; x_wconf 80' lang='lat' dir='ltr'>quam</span> 
     </span>
     <span class='ocr_line' id='line_1_8' title="bbox 514 1703 2542 1814; baseline 0.002 -33"><span class='ocrx_word' id='word_1_44' title='bbox 514 1711 890 1804; x_wconf 77' lang='lat' dir='ltr'>masculi3</span> <span class='ocrx_word' id='word_1_45' title='bbox 993 1712 1283 1814; x_wconf 82' lang='lat' dir='ltr'>quibus</span> <span class='ocrx_word' id='word_1_46' title='bbox 1376 1703 1751 1789; x_wconf 76' lang='lat' dir='ltr'>caeteruin</span> <span class='ocrx_word' id='word_1_47' title='bbox 1840 1710 2100 1813; x_wconf 77' lang='lat' dir='ltr'>petala</span> <span class='ocrx_word' id='word_1_48' title='bbox 2194 1709 2542 1812; x_wconf 85' lang='lat' dir='ltr'>quinque</span> 
     </span>
     <span class='ocr_line' id='line_1_9' title="bbox 518 1829 2547 1958; baseline 0.005 -28"><span class='ocrx_word' id='word_1_49' title='bbox 518 1857 850 1958; x_wconf 66' lang='lat' dir='ltr'>aequalia</span> <span class='ocrx_word' id='word_1_50' title='bbox 878 1913 907 1949; x_wconf 87' lang='lat'><em>,</em></span> <span class='ocrx_word' id='word_1_51' title='bbox 966 1829 1241 1940; x_wconf 82' lang='lat' dir='ltr'>similia</span> <span class='ocrx_word' id='word_1_52' title='bbox 1296 1863 1452 1940; x_wconf 86' lang='lat' dir='ltr'>fere</span> <span class='ocrx_word' id='word_1_53' title='bbox 1499 1861 2029 1942; x_wconf 79' lang='lat' dir='ltr'>-exterioribus</span> <span class='ocrx_word' id='word_1_54' title='bbox 2082 1864 2234 1940; x_wconf 90' lang='lat' dir='ltr'>illis</span> <span class='ocrx_word' id='word_1_55' title='bbox 2287 1863 2547 1940; x_wconf 80' lang='lat' dir='ltr'>mino·</span> 
     </span>
     <span class='ocr_line' id='line_1_10' title="bbox 513 2010 2547 2120; baseline 0.002 -34"><span class='ocrx_word' id='word_1_56' title='bbox 513 2010 759 2089; x_wconf 84' lang='lat' dir='ltr'>ribus.</span> <span class='ocrx_word' id='word_1_57' title='bbox 821 2012 1260 2092; x_wconf 76' lang='lat' dir='ltr'>staminum</span> <span class='ocrx_word' id='word_1_58' title='bbox 1321 2017 1715 2097; x_wconf 78' lang='lat' dir='ltr'>filamenta</span> <span class='ocrx_word' id='word_1_59' title='bbox 1750 2015 1794 2094; x_wconf 82' lang='lat'><strong>5</strong></span> <span class='ocrx_word' id='word_1_60' title='bbox 1822 2073 1844 2118; x_wconf 90' lang='lat'><strong>,</strong></span> <span class='ocrx_word' id='word_1_61' title='bbox 1880 2015 2367 2120; x_wconf 86' lang='lat' dir='ltr'>longitudine</span> <span class='ocrx_word' id='word_1_62' title='bbox 2407 2043 2547 2119; x_wconf 86' lang='lat' dir='ltr'>pe-</span> 
     </span>
     <span class='ocr_line' id='line_1_11' title="bbox 511 2133 2548 2268; baseline 0.003 -35"><span class='ocrx_word' id='word_1_63' title='bbox 511 2155 882 2235; x_wconf 79' lang='lat' dir='ltr'>talorum.</span> <span class='ocrx_word' id='word_1_64' title='bbox 937 2133 1347 2240; x_wconf 56' lang='lat' dir='ltr'>Anthera&#39;e</span> <span class='ocrx_word' id='word_1_65' title='bbox 1393 2167 1552 2240; x_wconf 83' lang='lat' dir='ltr'>fere</span> <span class='ocrx_word' id='word_1_66' title='bbox 1609 2164 1975 2244; x_wconf 81' lang='lat' dir='ltr'>rotundoe</span> <span class='ocrx_word' id='word_1_67' title='bbox 2023 2163 2548 2268; x_wconf 81' lang='lat' dir='ltr'>subdidymoe.</span> 
     </span>
     <span class='ocr_line' id='line_1_12' title="bbox 515 2306 2551 2419; baseline 0.003 -34"><span class='ocrx_word' id='word_1_68' title='bbox 515 2306 888 2385; x_wconf 75' lang='lat' dir='ltr'>Gemina</span> <span class='ocrx_word' id='word_1_69' title='bbox 938 2311 1387 2390; x_wconf 81' lang='lat' dir='ltr'>brevissime</span> <span class='ocrx_word' id='word_1_70' title='bbox 1440 2316 1956 2419; x_wconf 78' lang='lat' dir='ltr'>pedicellata,</span> <span class='ocrx_word' id='word_1_71' title='bbox 2017 2344 2114 2393; x_wconf 86' lang='lat' dir='ltr'>ex</span> <span class='ocrx_word' id='word_1_72' title='bbox 2157 2333 2389 2394; x_wconf 80' lang='lat' dir='ltr'>ovato</span> <span class='ocrx_word' id='word_1_73' title='bbox 2421 2316 2551 2392; x_wconf 80' lang='lat' dir='ltr'>vel</span> 
     </span>
     <span class='ocr_line' id='line_1_13' title="bbox 517 2459 2546 2570; baseline 0.002 -33"><span class='ocrx_word' id='word_1_74' title='bbox 517 2459 860 2565; x_wconf 91' lang='lat' dir='ltr'>oblongo</span> <span class='ocrx_word' id='word_1_75' title='bbox 909 2460 1339 2565; x_wconf 76' lang='lat' dir='ltr'>cylindrica</span> <span class='ocrx_word' id='word_1_76' title='bbox 1387 2466 1809 2543; x_wconf 83' lang='lat' dir='ltr'>substriata</span> <span class='ocrx_word' id='word_1_77' title='bbox 1849 2522 1872 2568; x_wconf 89' lang='lat'>‚</span> <span class='ocrx_word' id='word_1_78' title='bbox 1920 2467 2100 2543; x_wconf 86' lang='lat' dir='ltr'>setis</span> <span class='ocrx_word' id='word_1_79' title='bbox 2156 2465 2546 2570; x_wconf 83' lang='lat' dir='ltr'>adpressis</span> 
     </span>
     <span class='ocr_line' id='line_1_14' title="bbox 511 2612 2548 2722; baseline 0.004 -36"><span class='ocrx_word' id='word_1_80' title='bbox 511 2612 691 2711; x_wconf 83' lang='lat' dir='ltr'>latis</span> <span class='ocrx_word' id='word_1_81' title='bbox 753 2629 979 2699; x_wconf 82' lang='lat' dir='ltr'>tecta.</span> <span class='ocrx_word' id='word_1_82' title='bbox 1054 2616 1357 2715; x_wconf 74' lang='lat' dir='ltr'>Calycis</span> <span class='ocrx_word' id='word_1_83' title='bbox 1428 2618 1697 2694; x_wconf 88' lang='lat' dir='ltr'>dentes</span> <span class='ocrx_word' id='word_1_84' title='bbox 1752 2618 1833 2693; x_wconf 89' lang='lat' dir='ltr'>in</span> <span class='ocrx_word' id='word_1_85' title='bbox 1887 2621 2034 2694; x_wconf 82' lang='lat' dir='ltr'>hac</span> <span class='ocrx_word' id='word_1_86' title='bbox 2070 2636 2297 2694; x_wconf 82' lang='lat' dir='ltr'>oetate</span> <span class='ocrx_word' id='word_1_87' title='bbox 2344 2644 2548 2722; x_wconf 83' lang='lat' dir='ltr'>aegre</span> 
     </span>
     <span class='ocr_line' id='line_1_15' title="bbox 519 2764 2551 2874; baseline 0.002 -34"><span class='ocrx_word' id='word_1_88' title='bbox 519 2764 968 2867; x_wconf 78' lang='lat' dir='ltr'>distinguas.</span> <span class='ocrx_word' id='word_1_89' title='bbox 1028 2767 1481 2869; x_wconf 78' lang='lat' dir='ltr'>Stylopodio</span> <span class='ocrx_word' id='word_1_90' title='bbox 1533 2770 1753 2846; x_wconf 80' lang='lat' dir='ltr'>brevi</span> <span class='ocrx_word' id='word_1_91' title='bbox 1805 2771 2335 2874; x_wconf 83' lang='lat' dir='ltr'>patelliformi,</span> <span class='ocrx_word' id='word_1_92' title='bbox 2394 2770 2551 2844; x_wconf 89' lang='lat' dir='ltr'>im-</span> 
     </span>
     <span class='ocr_line' id='line_1_16' title="bbox 514 2916 2558 3022; baseline 0.003 -33"><span class='ocrx_word' id='word_1_93' title='bbox 514 2916 748 2990; x_wconf 85' lang='lat' dir='ltr'>mersi</span> <span class='ocrx_word' id='word_1_94' title='bbox 803 2932 986 3013; x_wconf 84' lang='lat' dir='ltr'>sunt</span> <span class='ocrx_word' id='word_1_95' title='bbox 1042 2918 1221 3020; x_wconf 76' lang='lat' dir='ltr'>styli</span> <span class='ocrx_word' id='word_1_96' title='bbox 1258 2918 1496 2994; x_wconf 87' lang='lat' dir='ltr'>erecti</span> <span class='ocrx_word' id='word_1_97' title='bbox 1529 2920 1875 3022; x_wconf 76' lang='lat' dir='ltr'>paralleli</span> <span class='ocrx_word' id='word_1_98' title='bbox 1908 2974 1932 3012; x_wconf 89' lang='lat'>,</span> <span class='ocrx_word' id='word_1_99' title='bbox 2002 2918 2436 2995; x_wconf 83' lang='lat' dir='ltr'>desinentes</span> <span class='ocrx_word' id='word_1_100' title='bbox 2468 2918 2558 2996; x_wconf 79' lang='lat' dir='ltr'>iu</span> 
     </span>
     <span class='ocr_line' id='line_1_17' title="bbox 517 3046 1898 3167; baseline -0.001 -26"><span class='ocrx_word' id='word_1_101' title='bbox 517 3063 876 3167; x_wconf 82' lang='lat' dir='ltr'>stigmata</span> <span class='ocrx_word' id='word_1_102' title='bbox 933 3090 1117 3139; x_wconf 91' lang='lat' dir='ltr'>cum</span> <span class='ocrx_word' id='word_1_103' title='bbox 1170 3065 1456 3141; x_wconf 89' lang='lat' dir='ltr'>obtuso</span> <span class='ocrx_word' id='word_1_104' title='bbox 1517 3046 1898 3143; x_wconf 74' lang='lat' dir='ltr'>acumine.</span> 
     </span>
    </p>

    <p class='ocr_par' dir='ltr' id='par_1_3' title="bbox 486 3200 2557 4067">
     <span class='ocr_line' id='line_1_18' title="bbox 486 3200 2550 3323; baseline -0.001 -28"><span class='ocrx_word' id='word_1_105' title='bbox 486 3200 507 3207; x_wconf 36' lang='grc' dir='ltr'><strong>μ</strong></span> <span class='ocrx_word' id='word_1_106' title='bbox 611 3222 1020 3295; x_wconf 77' lang='lat' dir='ltr'>FRUC&#39;rus</span> <span class='ocrx_word' id='word_1_107' title='bbox 1072 3217 1766 3323; x_wconf 79' lang='lat' dir='ltr'>oblongo-linearis</span> <span class='ocrx_word' id='word_1_108' title='bbox 1802 3234 2234 3294; x_wconf 79' lang='lat' dir='ltr'>restratus:</span> <span class='ocrx_word' id='word_1_109' title='bbox 2287 3232 2550 3293; x_wconf 85' lang='lat' dir='ltr'>rostro</span> 
     </span>
     <span class='ocr_line' id='line_1_19' title="bbox 518 3364 2553 3469; baseline -0.002 -23"><span class='ocrx_word' id='word_1_110' title='bbox 518 3369 804 3446; x_wconf 87' lang='lat' dir='ltr'>sensim</span> <span class='ocrx_word' id='word_1_111' title='bbox 872 3364 1237 3445; x_wconf 84' lang='lat' dir='ltr'>subulato</span> <span class='ocrx_word' id='word_1_112' title='bbox 1277 3424 1299 3469; x_wconf 90' lang='lat'>,</span> <span class='ocrx_word' id='word_1_113' title='bbox 1378 3370 1759 3460; x_wconf 70' lang='lat' dir='ltr'>incurVO‚</span> <span class='ocrx_word' id='word_1_114' title='bbox 1856 3369 1940 3443; x_wconf 81' lang='lat' dir='ltr'>in</span> <span class='ocrx_word' id='word_1_115' title='bbox 2006 3366 2276 3444; x_wconf 85' lang='lat' dir='ltr'>eadem</span> <span class='ocrx_word' id='word_1_116' title='bbox 2366 3392 2553 3442; x_wconf 84' lang='lat' dir='ltr'>cum</span> 
     </span>
     <span class='ocr_line' id='line_1_20' title="bbox 515 3518 2550 3623; baseline -0.001 -30"><span class='ocrx_word' id='word_1_117' title='bbox 515 3518 783 3595; x_wconf 81' lang='lat' dir='ltr'>fructu</span> <span class='ocrx_word' id='word_1_118' title='bbox 842 3518 1269 3595; x_wconf 87' lang='lat' dir='ltr'>directione</span> <span class='ocrx_word' id='word_1_119' title='bbox 1327 3519 1930 3622; x_wconf 84' lang='lat' dir='ltr'>subcompresso</span> <span class='ocrx_word' id='word_1_120' title='bbox 1993 3547 2242 3623; x_wconf 87' lang='lat' dir='ltr'>eoque</span> <span class='ocrx_word' id='word_1_121' title='bbox 2301 3518 2550 3621; x_wconf 85' lang='lat' dir='ltr'>duplo</span> 
     </span>
     <span class='ocr_line' id='line_1_21' title="bbox 517 3667 2557 3773; baseline -0.001 -29"><span class='ocrx_word' id='word_1_122' title='bbox 517 3669 918 3770; x_wconf 83' lang='lat' dir='ltr'>longiore,</span> <span class='ocrx_word' id='word_1_123' title='bbox 1014 3671 1336 3773; x_wconf 81' lang='lat' dir='ltr'>calyce,</span> <span class='ocrx_word' id='word_1_124' title='bbox 1409 3667 1862 3772; x_wconf 79' lang='lat' dir='ltr'>stylopodio</span> <span class='ocrx_word' id='word_1_125' title='bbox 1935 3669 2313 3773; x_wconf 80' lang='lat' dir='ltr'>stylisque</span> <span class='ocrx_word' id='word_1_126' title='bbox 2364 3686 2557 3743; x_wconf 79' lang='lat' dir='ltr'>&#39;ter-</span> 
     </span>
     <span class='ocr_line' id='line_1_22' title="bbox 517 3802 2549 3921; baseline 0 -26"><span class='ocrx_word' id='word_1_127' title='bbox 517 3817 842 3895; x_wconf 79' lang='lat' dir='ltr'>minato.</span> <span class='ocrx_word' id='word_1_128' title='bbox 897 3818 1221 3921; x_wconf 74' lang='lat' dir='ltr'><strong><em>Rhaphe</em></strong></span> <span class='ocrx_word' id='word_1_129' title='bbox 1257 3818 1622 3894; x_wconf 84' lang='lat' dir='ltr'>subnuda</span> <span class='ocrx_word' id='word_1_130' title='bbox 1651 3871 1674 3908; x_wconf 93' lang='lat'><strong>,</strong></span> <span class='ocrx_word' id='word_1_131' title='bbox 1706 3802 1931 3919; x_wconf 79' lang='lat' dir='ltr'>quasi</span> <span class='ocrx_word' id='word_1_132' title='bbox 1961 3820 2549 3896; x_wconf 78' lang='lat' dir='ltr'>membranacea</span> 
     </span>
     <span class='ocr_line' id='line_1_23' title="bbox 517 3962 2549 4067; baseline -0.001 -25"><span class='ocrx_word' id='word_1_133' title='bbox 517 3967 602 4042; x_wconf 91' lang='lat' dir='ltr'>in</span> <span class='ocrx_word' id='word_1_134' title='bbox 631 3968 933 4066; x_wconf 85' lang='lat' dir='ltr'>fructu,</span> <span class='ocrx_word' id='word_1_135' title='bbox 985 3996 1028 4042; x_wconf 82' lang='lat' dir='ltr'><strong>a</strong></span> <span class='ocrx_word' id='word_1_136' title='bbox 1058 3965 1431 4067; x_wconf 74' lang='lat' dir='ltr'>hirsutis,</span> <span class='ocrx_word' id='word_1_137' title='bbox 1468 3962 2101 4043; x_wconf 82' lang='lat' dir='ltr'>subdenticulata</span> <span class='ocrx_word' id='word_1_138' title='bbox 2141 3966 2224 4041; x_wconf 90' lang='lat' dir='ltr'>in</span> <span class='ocrx_word' id='word_1_139' title='bbox 2253 3984 2549 4043; x_wconf 88' lang='lat' dir='ltr'>rostro.</span> 
     </span>
    </p>
   </div>
   <div class='ocr_carea' id='block_1_2' title="bbox 518 4117 2554 4224">
    <p class='ocr_par' dir='ltr' id='par_1_4' title="bbox 518 4117 2554 4224">
     <span class='ocr_line' id='line_1_24' title="bbox 518 4117 2554 4224; baseline 0 -29"><span class='ocrx_word' id='word_1_140' title='bbox 518 4118 833 4198; x_wconf 82' lang='lat' dir='ltr'>Semina</span> <span class='ocrx_word' id='word_1_141' title='bbox 862 4117 1517 4224; x_wconf 83' lang='lat' dir='ltr'>lineari-oblonga</span> <span class='ocrx_word' id='word_1_142' title='bbox 1550 4117 1883 4222; x_wconf 81' lang='lat' dir='ltr'>hirsuta,</span> <span class='ocrx_word' id='word_1_143' title='bbox 1916 4119 2264 4222; x_wconf 88' lang='lat' dir='ltr'>undique</span> <span class='ocrx_word' id='word_1_144' title='bbox 2319 4117 2554 4196; x_wconf 85' lang='lat' dir='ltr'>stria·-</span> 
     </span>
    </p>
   </div>
  </div>
 </body>
</html>
