2946 5014
558 755 563 760 ,
1145 631 1421 746 <4¹49
1511 631 1552 731 )
1611 661 1616 666 ’

439 796 771 874 Habitat
801 796 886 872 in
925 796 1299 899 Oriente,
1352 799 1640 877 Persia.
1682 801 2055 878 Occurrit
2097 800 2181 876 in
2211 828 2365 885 re-‘

339 911 696 1050 gionibus
774 949 1191 1024 caucasicis
1225 1007 1249 1045 ,
1324 948 1536 1033 circa
1578 967 1929 1026 montem
1958 953 2346 1032 Beschtau

341 1118 419 1176 et
471 1101 555 1174 in
613 1102 915 1202 Iberia,
995 1101 1205 1176 circa
1270 1071 1527 1179 Tiflin.
1590 1099 1852 1178 Floret
1905 1100 2066 1201 (in
2118 1102 2342 1182 horto

345 1254 880 1358 Gerenkensi)
933 1249 1173 1329 Junio
1199 1306 1227 1343 ,
1280 1250 1519 1329 Julio.

430 1627 706 1699 Observ.
743 1625 1042 1717 Triplici
1094 1622 1435 1691 affinitate.
1463 1623 1603 1691 hoc
1639 1605 1856 1711 genus
1883 1626 2295 1722 Pap-tiriacus
2315 1680 2340 1714 ‚

331 1746 651 1829 Tordylii
681 1759 752 1807 et
781 1740 1108 1806 Heraclei
1134 1758 1335 1806 notas
1375 1741 1447 1804 in
1483 1762 1558 1805 se
1592 1742 1764 1810 unit.
1794 1742 1937 1810 Nos
1980 1744 2069 1811 ad
2105 1747 2346 1812 imita-

334 1864 602 1927 tionem
657 1857 952 1921 aliorum
987 1872 1249 1920 naturae
1286 1873 1792 1945 scrutatorum,
1842 1859 2097 1949 plantae
2126 1861 2332 1929 huius

331 1979 677 2067 speciose
763 1991 834 2039 et
911 1973 1279 2038 rarissimae
1374 1949 1854 2040 characterem
1933 1979 2336 2061 genericum

332 2095 771 2160 decrevimus
838 2091 1107 2156 nomini
1190 2090 1824 2157 illustrissimorum
1882 2093 2333 2160 Faarntrn

328 2211 942 2275 Zosxuanum:
981 2206 1530 2290 Amsusu,
1562 2205 1975 2272 Nmonm
2013 2207 2336 2293 etZoAE‚

325 2346 438 2394 tot
474 2326 1067 2415 tantisqueeditis
1104 2324 1422 2390 classicis
1480 2321 1809 2414 operibus
1841 2327 2123 2412 graecis,
2158 2347 2337 2416 pro-
2377 2367 2382 2374 -

321 2442 499 2534 priis
563 2440 904 2506 sumtibus
948 2486 971 2527 ,
1055 2458 1194 2505 tam
1262 2462 1428 2505 cura
1491 2437 1833 2530 philologi
1888 2438 2326 2506 celeberrimi

320 2559 606 2643 Colunt,
628 2553 914 2622 Parisiis
935 2553 1373 2621 Lutetiorum
1390 2600 1412 2639 ,
1451 2577 1660 2644 quam
1694 2553 1847 2618 aliis
1875 2554 2053 2618 locis
2074 2553 2331 2644 profli-

206 2700 214 2707 ·
320 2676 502 2763 gatis
535 2720 558 2760 ‚
628 2674 699 2737 in
768 2689 916 2737 toto
979 2671 1288 2737 literario
1336 2668 1521 2736 ¹orbe
1569 2669 2329 2759 celebratissimorum‚

318 2815 470 2862 tum
492 2789 923 2877 gratificandi
949 2790 1164 2875 gratia
1184 2790 1251 2852 in
1276 2787 1774 2879 promovendis
1792 2786 2321 2858 humanioribus

316 2909 601 2992 studiiS‚
621 2925 767 2971 tum
789 2907 993 2971 etiam
1023 2923 1102 2991 ut
1128 2903 1383 2969 clarius
1407 2903 2054 2971 demonstrarentur
2082 2909 2328 2975 merita

311 3047 389 3095 ct
424 3047 672 3110 magna
697 3023 1105 3113 propensiO,
1133 3021 1256 3086 viri
1295 3019 1868 3085 excellentissimi
1905 3021 2070 3086 Zon
2111 3021 2328 3089 zosxa

309 3157 551 3207 unus
581 3183 601 3221 ‚
641 3138 896 3202 ordinis
929 3134 1024 3202 St.
1069 3134 1324 3201 Annae
1360 3134 1692 3199 secundae
1733 3137 1968 3203 classis
1995 3138 2258 3227 Equitis
2299 3168 2326 3222 ,*

304 3260 385 3323 in
460 3252 827 3315 historiam
904 3249 1323 3329 naturalem,
1398 3265 1644 3336 utpote
1698 3248 1815 3336 qui
1877 3251 2326 3337 potissimum

303 3369 387 3436 M
395 3390 476 3431 os
488 3383 636 3453 quae
694 3364 1092 3452 procuravit
1150 3360 1495 3451 Opuscula
1537 3386 1792 3453 graeca
1848 3364 1945 3427 ad
1974 3363 2327 3432 ln'storiam

300 3480 698 3550 naturalem
746 3480 1202 3565 pertinentia,
1278 3499 1317 3543 a
1354 3478 1927 3567 praestantissimo
1961 3456 2322 3552 Marmar

303 3600 528 3665 edita.
