2946 5014
614 565 748 657 VI

620 752 891 839 animi
953 751 1408 838 virtutibus
1490 749 1801 836 eximio
1862 771 1947 836 et
1993 758 2468 865 promotori
2525 757 2622 843 li·-

612 916 1165 1003 beralissimo
1205 918 1614 1019 dicatam,
1656 921 1952 1028 huius,
1987 926 2361 1038 propriis
2405 958 2635 1011 snm·-

621 1082 857 1166 tibus
909 1113 960 1166 a
1029 1113 1171 1164 me
1234 1104 1682 1197 susceptae
1724 1086 2153 1172 editionis.
2218 1092 2635 1206 Mappam

558 1288 567 1300 ·
633 1244 1305 1361 geographicam
1393 1248 1828 1333 coloribus
1921 1252 2127 1337 vivis
2198 1256 2632 1362 fucatam,

615 1412 705 1496 in
790 1380 959 1522 qua
1015 1408 1231 1495 fines
1323 1430 1501 1495 tam
1569 1417 2253 1530 geographicae,
2370 1453 2632 1534 quam

626 1571 1342 1689 Phytographicae
1372 1564 1375 1569 ³
1402 1575 1828 1661 indicatae
1874 1601 2162 1663 essent
2193 1581 2261 1662 F
2269 1584 2631 1685 lorulae‚

574 1714 577 1719 Ι
627 1734 906 1819 adieci
951 1794 980 1833 ,
1046 1754 1508 1846 antequam
1596 1736 1790 1849 ipsa
1845 1738 2362 1840 Germania,
2445 1762 2644 1854 post

627 1899 1150 1984 mutationes
1231 1899 1556 1999 varia5‚
1632 1931 1846 2013 quas
1921 1904 2323 1986 continuo
2381 1906 2645 2007 subit,

626 2061 1045 2147 limitibus
1105 2060 1694 2147 stabilioribus
1753 2064 2013 2147 fuerit
2093 2065 2642 2149 circumscri-

608 2231 944 2333 benda.
1054 2228 1125 2311 F
1131 2229 1514 2311 lorarum
1609 2249 1695 2313 et
1776 2226 1846 2311 F
1854 2231 2344 2314 loristarum
2413 2232 2642 2317 Ger-

629 2391 969 2476 maniae
1031 2391 1517 2507 catalogum
1578 2422 1852 2504 aeque
1927 2395 2479 2507 generalem,
2536 2425 2638 2476 ac

632 2557 1242 2673 specialiorem
1319 2556 1526 2640 huic
1596 2558 1953 2641 editioni
2025 2557 2437 2670 praemisi
2516 2559 2645 2641 in·-

641 2722 1185 2812 servientem.
1227 2718 1473 2806 Haec
1514 2740 1802 2805 tamen
1821 2742 1935 2806 *ut
1981 2724 2639 2836 protheorema-

640 2903 729 2969 ta
800 2881 1161 2964 minoris
1241 2900 1487 2964 erant
1576 2881 2024 2966 momenti.
2150 2881 2350 2990 Quo
2422 2882 2645 2966 inte-

642 3048 825 3132 rius
860 3075 1092 3152 ¹vero
1162 3044 1385 3128 hanc
1451 3042 1768 3132 Florae
1817 3065 2182 3160 partem·
2222 3045 2650 3156 Systema-

644 3209 905 3294 ticam
984 3205 1389 3328 cognovi,
1518 3236 1623 3290 eo
1717 3206 1996 3323 magis
2073 3226 2374 3292 auctae
2452 3225 2652 3292 sont

646 3402 954 3458 eorum
986 3436 1020 3473 ,
1095 3400 1315 3485 quae
1380 3369 1900 3485 collegeram
1975 3370 2344 3454 divitiae.
2413 3369 2649 3484 Cog-

644 3533 843 3622 novi
904 3530 1642 3616 enumerationem
1710 3532 2103 3615 omnium
2160 3532 2655 3644 plantarum

651 3697 1173 3785 Germaniae
1251 3696 1861 3820 indigenarum
1921 3728 2098 3779 non
2177 3727 2349 3779 uno
2406 3696 2654 3781 volu-

608 3867 884 3953 mine
935 3895 1193 3978 posse
1241 3862 1894 3978 comprehendi.
1958 3861 2309 3947 Priores
2369 3860 2655 3970 itaque

657 4028 1024 4129 classeS,
1101 4058 1276 4113 1-
1341 4030 1437 4114 13
1478 4089 1502 4133 ‚
1608 4025 1732 4111 uti
1796 4025 1886 4110 in
1948 4021 2336 4139 pristinis
2402 4017 2661 4103 huius
