2946 5014
1417 594 1450 694 (
1563 597 1658 672 26
1793 597 1827 694 )

590 765 630 807 a
682 740 1203 822 anmtsrm'n,
1269 760 1418 828 quae
1483 738 1555 804 in
1594 736 1801 805 nullis
1867 739 2019 815 aliis
2078 736 2601 803 characteribus

589 856 865 922 differre
900 856 1128 924 video.
1176 856 1453 931 Forsan
1485 855 1693 940 hujus
1731 855 1874 921 loci
1930 853 2286 945 *permulta
2321 856 2390 917 in
2424 846 2624 951 ῼὲίσ·

584 973 695 1037 liae
733 994 805 1039 et
835 972 1187 1063 Hispaniae
1227 974 1477 1058 cultis,
1510 975 1727 1049 vineis
1776 974 2048 1038 etlocis
2105 971 2385 1037 incultis
2416 970 2600 1036 lecta

588 1087 1045 1177 exemplariaz
1100 1113 1138 1145 u
1171 1087 1491 1152 caulibus
1568 1087 1898 1178 foliisque
1956 1083 2600 1174 villosol-asperis3

588 1201 970 1267 seminibus
1051 1201 1487 1275 brevioribus
1549 1201 2077 1269 subuucialibus
2140 1200 2481 1297 hispidis,
2534 1217 2606 1265 et

587 1318 969 1402 majoribus
991 1320 1236 1414 ‘minus
1275 1320 1596 1409 hispidis.
1666 1319 1943 1388 Semina
1979 1320 2232 1384 horum
2287 1320 2355 1382 in
2391 1317 2599 1382 horto

586 1431 1054 1499 Carlsruhano
1094 1410 1425 1501 botani'co
1481 1436 1704 1522 culta,
1755 1414 2215 1500 reddiderunt
2246 1432 2599 1522 plantulas

582 1545 1013 1612 nostratibus
1076 1551 1262 1613 omni
1328 1573 1410 1615 ex
1459 1569 1658 1639 parte
1747 1550 2208 1616 simillimas.»
2271 1547 2605 1612 Videatur

584 1660 763 1727 CAR.
824 1661 1114 1729 Cmusr.
1204 1664 1540 1750 Gutum,
1602 1666 1738 1749 vir,
1803 1662 2177 1751 multiplici
2238 1636 2601 1744 doctrina,

584 1803 818 1845 rerum
872 1804 1006 1845 usu
1074 1799 1147 1846 ct
1213 1782 1582 1848 virtutibus
1675 1783 1946 1865 clar-us,
2033 1764 2202 1869 post
2285 1778 2610 1867 hispani-

585 1918 746 1960 cum
802 1896 956 1979 iter,
1011 1895 1256 1963 Botan.
1317 1917 1390 1962 et
1444 1898 1607 1965 hist.
1644 1916 1783 1964 nat.
1843 1895 2036 1962 Prof.
2110 1895 2373 1985 public.
2444 1893 2595 1959 ord.

586 2010 1137 2096 Carlsruhanus‚
1197 2013 1315 2102 qui
1391 2012 1618 2078 edidit
1699 2011 2351 2101 'praestautissimam
2434 2000 2605 2072 Flo'-

479 2132 484 2145 *
579 2150 728 2191 rum
794 2126 1179 2193 Badensem
1244 2129 1620 2195 alsatioam.
1699 2133 1742 2205 (
1756 2128 1948 2193 Tom.
2007 2125 2069 2192 Ι.
2147 2123 2548 2191 Carlsruhae
2577 2175 2602 2206 ,

585 2239 777 2310 1805.
807 2266 883 2328 p.
921 2241 1075 2327 696.
1115 2237 1239 2323 8.).
1275 2240 1578 2307 Scandix
1605 2240 2063 2329 pinnatisida,
2125 2237 2314 2303 foliis
2354 2238 2606 2326 tripin-

579 2357 789 2437 natiS‚
835 2355 1143 2442 pinnulis
1197 2356 1719 2444 involucrisque
1753 2352 2209 2443 pinnatifidiS.
2240 2390 2333 2403 —
2387 2352 2604 2418 vam.

577 2471 755 2537 hort.
795 2471 959 2537 Cels.
1023 2489 1069 2538 t.
1129 2468 1250 2556 14,
1310 2472 1522 2544 etiam
1556 2469 1833 2540 Tauriae
1896 2469 2267 2556 indigena,
2338 2468 2605 2535 semina

576 2585 796 2650 habet
857 2586 1265 2668 nigricantia
1293 2630 1313 2669 ‚
1380 2588 1788 2658 tricostata:
1859 2586 2076 2651 costis
2140 2584 2357 2650 tribus
2386 2631 2407 2670 ‚
2476 2606 2606 2648 seu

578 2702 807 2766 verius
878 2701 1065 2765 striis
1136 2700 1420 2765 elevatis
1452 2748 1473 2786 ‚
1541 2702 1613 2766 in
1681 2720 1984 2766 rostrum
2048 2700 2602 2770 excurrentibus-

576 2817 871 2907 Rhaphe
908 2814 1178 2880 fructus
1217 2814 1651 2900 subcostata,
1689 2816 2225 2900 submarginata.
2267 2816 2605 2880 Rostrum

580 2951 977 2998 antrorsum
1055 2930 1849 3020 aculeato-hispidum.
1907 2931 2282 2996 Valleculae
2348 2952 2609 2995 conve-

577 3047 812 3112 xiores
851 3044 1138 3109 latiores
1169 3090 1191 3126 ‚
1248 3043 1603 3110 histriatae.
1678 3045 2157 3112 Commissura
2216 3047 2426 3110 rostri
2470 3043 2602 3108 sub

581 3156 989 3245 stylopodio
1048 3157 1290 3246 paullo
1327 3159 1745 3244 incrassati,
1806 3178 2136 3226 excavata
2202 3158 2634 3224 substriata.

581 3270 1080 3361 Stylopodium
1118 3271 1648 3359 brevissimum,
1682 3274 2231 3339 subuntlulatum
2269 3293 2339 3340 et
2374 3287 2611 3340 emar-

580 3391 889 3475 ginatum
922 3433 946 3471 ,
998 3385 1161 3475 styli
1198 3390 1307 3453 vix
1341 3411 1426 3452 eo
1460 3388 1843 3476 longiores,
1898 3387 2140 3454 Petala
2175 3390 2380 3455 nimis
2418 3390 2607 3474 latis,

581 3522 655 3569 et
682 3502 968 3568 brevem
1024 3503 1210 3587 justo
1250 3503 1688 3570 obtusiorem
1742 3504 2124 3570 lacinulam
2159 3506 2344 3571 sistit
2382 3503 2602 3588 figura

577 3619 815 3683 Vnnr..
854 3617 906 3682 l.
977 3617 1294 3700 c.;'basi
1357 3621 1700 3708 apiceque
1768 3618 2088 3704 longiora
2147 3638 2308 3685 sunt
2369 3642 2453 3685 ea
2531 3620 2606 3682 in

582 3723 927 3798 Scandice
962 3728 1248 3797 Pecten.
1306 3731 2000 3824 Spermapodophori
2049 3757 2432 3824 processus
2471 3733 2605 3799 ab-

580 3845 872 3915 breviati
903 3893 927 3931 ,
970 3847 1394 3945 triangulati.

665 3989 1020 4078 Explicat.
1054 3988 1209 4079 mg.
1244 3986 1325 4052 A.
1361 3986 1637 4070 Integer
1684 3984 1956 4054 fructus
1995 3988 2296 4055 naturali
2331 3989 2605 4076 magni-

584 4105 864 4190 tudine,
900 4107 971 4170 in
1019 4102 1089 4172 B.
1131 4122 1376 4169 auctus
1415 4124 1579 4166 cum
1622 4103 1827 4168 rostri
1867 4107 2086 4196 apice.
2188 4195 2193 4200 θ
