2946 5014
1198 665 1505 767 (9)

348 854 476 916 ta:
565 839 768 916 striis
848 841 932 914 in
1001 855 1346 914 rostrum
1403 833 1856 915 snbulatum
1916 838 2380 936 incurvum,

344 1013 508 1062 uno
543 988 780 1063 latere
815 1012 1298 1087 convexum,
1331 990 1577 1065 altero
1612 990 1935 1092 planum
1966 1016 2112 1090 poi
2118 1005 2370 1069 rectis

346 1143 563 1214 Inter
615 1139 840 1215 strias
899 1105 1348 1216 elevatiores
1412 1143 1568 1216 sere
1603 1159 1940 1217 costatas
1977 1141 2325 1242 quinque
2357 1193 2381 1240 ‚

355 1316 552 1394 aegre
612 1291 1022 1367 valle-culae
1086 1293 1600 1396 planiusculoe
1671 1294 2046 1406 histriatas
2113 1293 2381 1372 obser·

350 1460 659 1520 vantur.
693 1442 1117 1518 Latuscula
1153 1462 1586 1518 contracta.
1634 1442 2146 1540 Commissum
2179 1442 2384 1518 fruc·
2454 1447 2472 1524 J

354 1597 480 1670 tfis
529 1595 821 1669 sulcata
857 1649 878 1692 ,
911 1565 1145 1667 rostii
1180 1594 1657 1694 planinscula
1691 1645 1713 1682 ,
1753 1592 2381 1667 sulcato-striata.

355 1745 567 1817 Inter
620 1743 909 1845 calycis
968 1743 1233 1817 dentes
1286 1741 1813 1843 persistentes,
1868 1738 2384 1840 stylopodium

358 1889 582 1989 quasi
686 1886 1311 1961 circumscissum
1412 1889 1757 1962 elevatur
1845 1888 2321 1965 obconicum
2360 1939 2384 1977 ,

360 2038 723 2113 dentibus
783 2055 855 2110 et
912 2036 1138 2111 sulcis
1209 2037 1512 2110 obtusis
1572 2052 1971 2110 exaratum
2028 2036 2386 2138 styloque

359 2213 455 2261 eo
491 2187 726 2287 triplo
770 2187 1152 2286 longiore,
1217 2186 1442 2259 tereti
1477 2240 1498 2283 ‚
1549 2186 1704 2258 fere
1732 2186 2002 2258 lineari
2058 2209 2388 2257 corona-

364 2337 1094 2438 tum‚2persistente
1158 2334 1691 2437 rigidiusculo.
1758 2331 2392 2435 Spermapodium

369 2455 764 2563 setaceuni
834 2504 1372 2589 attenuatum,
1427 2488 1644 2591 apice
1705 2485 2021 2562 fissum:
2085 2482 2387 2583 fibrillis

360 2634 808 2708 incrassatis
870 2650 945 2706 et
1003 2633 1485 2723 divaricatis,
1540 2633 1686 2708 sub
1726 2625 2175 2734 stylopodio
2245 2624 2390 2702 ad-

363 2782 593 2856 natis.
657 2778 2080 2881 Spermapodophorumincrassatum,
2143 2776 2390 2853 utrin-

370 2958 519 3036 que
578 2933 1113 3034 applanatum,
1145 2932 1269 3008 vel
1322 2932 1601 3005 leniter
1653 2944 2133 3006 excavatum.

463 3236 736 3305 Observ.
817 3224 1120 3305 Cortici's
1196 3233 1587 3301 substantia
1666 3234 2114 3301 transversim
2199 3253 2395 3303 secta

370 3351 680 3442 undique
718 3355 982 3437 integra
1019 3368 1313 3441 apparet
1364 3353 1433 3414 in
1469 3350 1815 3414 seminum
1846 3347 2103 3416 fructu.
2162 3348 2395 3414 Albu-

370 3492 533 3535 men
586 3491 922 3535 corneum
956 3468 1303 3554 nigricans
1331 3515 1352 3550 ‚
1404 3467 1598 3557 quod
1651 3468 1722 3532 in
1767 3465 2230 3533 Scandicibus
2270 3492 2398 3535 ve·-

369 3596 507 3676 ris,
541 3590 1041 3661 vallecularum
1075 3588 1449 3656 interstitia
1489 3588 1764 3675 explet,
1799 3574 2190 3653 substantia
2227 3609 2398 3654 cor-

372 3708 569 3777 ticali
628 3731 756 3797 per
814 3726 1049 3799 costas
1110 3711 1316 3773 unice
1355 3704 1750 3771 distributa.
1803 3705 2103 3771 Valvulae
2146 3707 2398 3788 rostri,

371 3825 632 3892 fructui
676 3828 1064 3905 contrariae,
1087 3822 1366 3916 calycis
1410 3819 2180 3910 defectuS‚petalorum
2215 3842 2398 3885 con-

374 3941 740 4027 formitaS,
797 3936 1200 4002 involucelli
1242 3937 1534 4018 divisio,
1594 3934 1905 4022 reliquos
1943 3932 2401 4022 suppeditant

379 4055 821 4123 characteres
869 4048 1240 4141 primarios
1300 4049 1573 4133 generis
1632 4045 1957 4113 scandix.
2001 4083 2094 4095 —
2152 4044 2398 4135 Stylo-

379 4174 671 4266 podium
718 4194 879 4241 cum
934 4165 1136 4263 stylis
1186 4183 1466 4258 qnoque
1511 4159 1829 4230 violaceo
1865 4163 1936 4231 in
1974 4158 2399 4254 quibusdam
