2946 5014
2041 588 2272 676 xm
2395 522 2396 525 Ὗ

272 803 367 866 ut
426 802 761 867 taceam
821 788 1307 882 seminum,
1374 811 1548 864 non
1582 781 2064 894 neglectan‘l
2124 778 2274 892 qni

267 1069 610 1132 usitata.»
675 1066 864 1148 (Cic.
915 1066 1367 1156 ap.'Herenn.
1403 1063 1467 1147 4.
1522 1066 1768 1154 7.).—
1810 1061 2118 1128 Adhibui
2156 1086 2275 1127 se-

268 1193 592 1262 quentes·
657 1171 902 1240 Petala
950 1198 1237 1240 numero
1279 1192 1684 1241 constanter
1719 1173 2079 1262 quinat-iu,
2136 1170 2277 1235 dif-

263 1285 448 1352 ferre
513 1289 973 1353 observantur
1006 1289 1242 1379 quoad
1284 1291 1827 1376 proportionem,
1854 1288 1995 1351 sive
2026 1307 2280 1376 aequa-

263 1401 566 1468 litatem.
631 1402 800 1468 Sunt
858 1407 1042 1468 enim
1117 1408 1436 1494 aequalia
1494 1397 2114 1495 (Hydrocotyle),
2166 1400 2279 1468 vel

268 1516 734 1605 subaequalia
776 1514 1463 1608 (Chaerophyllum),
1513 1520 1623 1584 vel
1669 1517 2062 1607 inaequalia
2101 1508 2281 1607 (He-

267 1629 658 1721 racleum),
705 1632 811 1696 vel
866 1633 1251 1716 radiantia,
1299 1635 1557 1698 extimo
1628 1617 1805 1701 radii
1853 1631 2088 1718 petalo
2129 1652 2283 1696 tna-

264 1747 504 1829 ximo,
555 1748 840 1836 reliquis
886 1772 1014 1837 per
1061 1751 1252 1837 paria
1291 1748 1714 1840 'aequalibus
1764 1744 2282 1841 (Tordylium,

266 1859 691 1952 Caucalis};
737 1863 1339 1953 quoadfiguram,
1434 1889 1470 1930 a
1521 1867 1758 1952 specie
1848 1858 2284 1927 subn-munda

264 1971 640 2066 (Apium)
691 1995 761 2041 et
808 2001 1009 2043 ovata
1053 1980 1165 2043 vel
1210 1979 1389 2045 ovali
1449 1977 1820 2069 (Drusa),
1861 1963 2283 2066 pet-*omnes

265 2089 537 2172 gradus
587 2108 955 2154 transeunt
1043 2112 1266 2176 usque
1358 2093 1428 2154 in
1472 2091 1719 2155 lineari
1752 2128 1794 2142 -
1823 2091 2296 2155 lanceolatam

270 2197 302 2287 (
341 2195 807 2286 Smyrnium).
889 2198 1369 2285 Utplurimnm
1410 2200 1724 2288 patentia
1771 2216 1970 2281 sunt,
2028 2198 2236 2285 plana
2270 2240 2293 2283 ,

272 2316 492 2403 apiee
523 2315 784 2398 integro
816 2311 1387 2406 (Hydrocotyle)‚
1422 2319 1706 2383 incurvo
1734 2311 2162 2405 (An'geliea),
2186 2312 2298 2378 vel

274 2429 740 2514 emarginam,
804 2426 1071 2492 inflexo
1113 2425 1570 2524 (pastinaca),
1622 2447 1822 2494 acute
1872 2429 2292 2513 emarginato

272 2540 719 2632 (Anetlmm),
762 2541 1015 2607 obtuse
1054 2544 1478 2627 emarginnto
1523 2540 2063 2635 (Foeniculum),
2093 2544 2296 2608 invo-

271 2654 425 2728 luto
479 2654 991 2746 (Bupleurutn),
1040 2655 1293 2722 adnato
1343 2654 1732 2748 (Tenon-ia).
1776 2656 2025 2723 Petala
2060 2675 2298 2722 erecta

282 2792 444 2838 sunt
497 2774 571 2836 in
620 2770 1007 2855 Astrantia,
1053 2770 1422 2856 Sanicula,
1470 2772 1867 2855 oenanthe,
1915 2773 2298 2839 conniven-
2397 2787 2404 2792 ’

282 2891 375 2980 tia
424 2891 498 2953 in
550 2887 912 2973 Smyrnio,
962 2884 1381 2975 pimpinella
1416 2888 1688 2972 glauca,
1732 2885 2005 2960 Cnidio.
2037 2882 2301 2974 Quoad

284 2979 715 3096 sunerficiem
765 3003 1036 3088 laevia,
1125 3002 1361 3087 glabra
1429 2999 1995 3088 (Cerefolium),
2069 3000 2304 3088 pilosa

285 3120 630 3209 (Pinnp.),
700 3121 969 3185 hirsuta
1052 3114 1575 3207 (Athamanta),
1640 3119 1888 3184 villosa
1960 3114 2304 3207 (Libano-
2401 3195 2409 3204 „

286 3235 429 3327 tis),
488 3237 785 3321 strigoza
824 3232 1199 3323 (Torilis),
1249 3238 1488 3300 striata
1538 3233 1905 3323 (Atham.),
1953 3256 2346 3317 concava,‚

292 3369 627 3417 excavata
679 3348 1076 3440 (Selinum),
1123 3348 1595 3416 scrobiculata
1672 3348 2063 3440 (Aethusa).
2110 3337 2303 3418 Alias

293 3464 731 3531 differentiae
781 3483 982 3530 notas
1031 3469 1574 3549 circumferentia
1619 3466 1913 3556 praebet
1958 3467 2067 3533 vel
2128 3468 2308 3532 inte.-

293 3586 588 3666 gerrima
622 3627 644 3665 ,
715 3580 824 3647 vel
882 3581 1238 3647 crenulata
1288 3578 1655 3673 (Tm-ilis),
1716 3583 1825 3647 vel
1872 3583 2036 3647 loco
2087 3584 2366 3672 apiciss

296 3697 718 3780 emarginata
769 3692 1178 3785 (Conium),
1226 3695 1466 3761 excisa
1549 3693 2009 3787 (Aegopod.),
2053 3697 2163 3762 'vel
2210 3695 2313 3760 al,

298 3809 428 3872 tius
481 3809 754 3892 ineisa,
802 3808 947 3874 fere
1020 3807 1237 3875 bifida
1288 3807 1763 3900 (Tordylium
1793 3807 1847 3899 ),
1930 3811 2311 3876 divaricata

298 3921 898 4016 (sphondylium),
945 3927 1053 3992 vel
1097 3928 1375 4016 penitus
1415 3924 1748 4014 bipartita
1797 3926 2190 4016 (Oliveria),
2236 3928 2309 3990 in

294 4040 583 4108 lacinias
635 4061 763 4111 seu
799 4039 1105 4130 Ιοόιιὶοε,
1155 4039 1514 4131 aequales,
1568 4042 1993 4132 parallelos,
2041 4041 2304 4110 sub-ae·-

1014 4374 1049 4391 χ·
