2946 5014
1139 563 1174 656 (
1267 587 1353 635 21
1459 562 1494 660 )

289 735 699 837 obliquay
761 733 1247 837 inoequaliter
1305 732 1614 819 biloba:
1714 734 1954 810 altero
2043 733 2319 811 lobulo

286 856 646 961 maximo
703 883 1099 985 oblong0‚
1164 885 1405 958 altero
1467 883 1859 980 breviori,
1925 883 2101 957 sinu
2163 884 2319 959 sere

288 1036 753 1111 oblitterato
777 1089 799 1133 ,
860 1033 1203 1110 lacinula
1238 1050 1496 1109 tamen
1534 1034 1893 1109 subulata
1932 1061 2321 1135 apparen-

165 1195 168 1198 ’
284 1203 404 1266 ter
438 1201 791 1260 exarata.
855 1184 1127 1263 Infima
1161 1185 1415 1287 petala
1448 1184 1783 1257 obovata
1817 1182 2258 1284 spathulata
2297 1237 2321 1276 ,

282 1336 512 1436 apice
547 1335 921 1410 ‘subulato
998 1332 1324 1434 inflexa,
1390 1331 1711 1436 reliquis
1751 1331 2132 1434 sexduplo
2169 1332 2330 1404 mi·-

279 1482 684 1583 noribus‚
774 1509 1014 1560 nervo
1105 1482 1364 1560 medio
1460 1486 1810 1561 colorato
1910 1484 2322 1561 distinctis.

278 1631 833 1737 Stylopodium
883 1661 1247 1744 magnum
1305 1661 1742 1713 concavum
1773 1698 1794 1737 ‚
1852 1633 2320 1711 scutellifor·

277 1803 458 1879 me,
526 1775 935 1880 integrum,
1001 1779 1205 1885 Sgyli
1264 1778 1477 1882 longi
1540 1782 1880 1884 aequales
1914 1781 2316 1876 distantes,

277 1918 690 2021 immersi,
756 1922 886 2021 (in
924 1919 1399 2022 quibusdam
1430 1924 1901 2020 individuis,
1966 1924 2319 1999 neutrius

272 2071 564 2147 forsan
599 2071 896 2171 generis
921 2122 965 2167 ‚l
993 2069 1310 2170 penitus
1344 2048 1596 2168 nulli).
1668 2074 1996 2146 Germen
2044 2040 2148 2146 ex¹
2176 2074 2325 2147 ob-

268 2219 540 2319 longo
573 2219 906 2307 lineare,
940 2213 1496 2316 substriatum‚
1535 2220 1717 2321 pilis
1744 2220 2062 2301 minutis
2097 2280 2118 2323 ,
2185 2248 2323 2299 seu

272 2366 563 2469 potius
621 2366 719 2442 ad
753 2367 1082 2459 lentem,
1144 2368 1569 2472 squamulis
1608 2367 1943 2472 hyalinis
1980 2371 2323 2447 lanceo-

277 2521 467 2597 latis
536 2523 937 2622 brevibuS,
996 2522 1182 2599 hinc
1245 2524 1425 2598 inde
1498 2526 1922 2601 obtectum.
2010 2503 2315 2630 Calycis

285 2673 674 2751 denticuli
728 2677 809 2750 in
841 2676 997 2753 hac
1036 2693 1273 2762 oetate,
1314 2702 1517 2778 aegre
1557 2676 2100 2781 distinguendi.
2158 2683 2315 2758 Mi-

282 2846 525 2934 nores
609 2823 917 2899 flosculi
992 2825 1299 2899 feminei
1380 2840 1459 2898 et
1535 2823 2153 2927 hermaphroditi
2226 2826 2312 2904 in

288 2963 510 3044 disco
543 2932 938 3072 prioribus
996 2967 1145 3045 illis
1197 2969 1480 3045 similes
1511 3027 1532 3070 ,
1568 2986 1644 3043 et
1697 2972 2021 3046 masculi
2054 2971 2318 3074 flores,

288 3118 567 3217 petalis
633 3122 863 3193 etiam
920 3118 1076 3192 fere
1144 3114 1726 3222 subaequalibus
1809 3120 2252 3195 obcordatis
2288 3174 2313 3221 ‚

293 3271 650 3348 obovatis
683 3328 705 3372 ,
767 3273 1105 3349 lucinula
1140 3275 1579 3352 acuminata
1625 3277 1903 3352 inflexa
1938 3279 2252 3353 munitis
2283 3332 2308 3371 ,

292 3420 748 3493 staminibus
839 3421 1184 3523 quinque
1277 3423 1621 3499 incurvis
1719 3427 1840 3502 vix
1927 3427 2308 3505 corollula

291 3563 811 3669 longioribus,
864 3570 1203 3646 antheris
1239 3571 1486 3646 ovatis
1520 3625 1542 3662 ,
1594 3571 1676 3647 in
1723 3572 2005 3650 iisdem
2048 3571 2169 3649 vel
2221 3571 2308 3656 in

296 3711 614 3795 diversis
672 3705 1113 3797 umbellulis
1169 3740 1617 3800 occurrunt.
