2946 5014
1218 569 1278 668 (x
1342 595 1431 671 91
1545 570 1584 670 )

488 739 1066 821 PHARMACOP.
1123 743 1314 819 Rad.
1364 743 1587 819 herb.
1638 741 1844 819 Sem.
1900 743 2154 844 Pimp.
2216 742 2435 845 min-„J

394 913 457 963 s.
502 903 823 979 nostrat.
885 892 1297 979 BLAcxw.
1347 905 1405 966 t.
1461 894 1635 994 472.
1693 891 2072 969 Woonv.
2128 903 2186 966 t.
2237 917 2402 995 179.

400 1037 656 1114 Scmc.
712 1053 768 1114 t.
821 1043 939 1143 78.

496 1394 779 1467 Observ.
805 1395 1031 1465 Huius
1068 1400 1340 1486 generis
1381 1418 1576 1465 sunt:
1627 1396 1703 1464 P.
1746 1389 2143 1489 Saxfiaga,
2168 1393 2419 1486 media,

407 1509 721 1598 dissecta,
756 1518 956 1606 m‘gra
990 1531 1061 1579 et
1095 1537 1367 1602 magna.
1428 1505 1772 1578 Umbellae
1807 1510 2122 1596 virgineae
2163 1530 2421 1578 nutan-

412 1644 518 1692 tes
547 1673 568 1711 ,
624 1628 942 1712 stigmata
977 1621 1305 1709 globosa,
1366 1625 1756 1691 cardinales
1795 1643 1991 1691 erant
2025 1624 2195 1690 alias
2248 1620 2426 1687 cha-—

411 1757 719 1809 racteres
757 1736 1060 1825 genet-ici
1096 1787 1117 1825 ,
1184 1739 1312 1805 sub
1375 1739 1627 1830 quibus
1666 1740 2104 1807 alienissimae
2160 1733 2427 1805 milita-

413 1847 586 1919 bant
617 1854 891 1943 plantae.
927 1852 1101 1919 Suas
1137 1852 1539 1921 vindicabat
1594 1878 1808 1941 genus
1836 1854 2191 1923 Tusa-‚mu
2226 1855 2430 1943 sn„

417 1966 490 2031 in
519 1989 656 2056 quo
684 1966 918 2055 petala
945 1969 1347 2056 seminaque
1374 1987 1536 2034 sunt
1555 1968 2432 2058 pubescenti-tomentosa,

424 2078 748 2145 5-striata
769 2126 790 2164 ‚
823 2081 1005 2159 vittae
1041 2079 1360 2146 dorsales
1397 2105 1812 2168 numerosae,
1836 2085 2014 2150 intra
2052 2102 2430 2152 convexam

420 2192 836 2259 valleculam
864 2240 885 2278 ,
925 2197 1399 2260 commissurae
1436 2219 1473 2263 α
1502 2243 1525 2283 ,
1556 2195 1771 2288 duplo
1807 2198 2093 2265 latiores
2114 2243 2136 2286 ‚
2170 2199 2437 2267 articu-

423 2303 608 2391 latae‚
671 2306 1030 2393 rugulosae.
1082 2306 1181 2376 Ut
1241 2309 1310 2375 in
1369 2301 1455 2377 T.
1483 2321 1811 2399 petraeo,
1848 2309 2254 2400 Columnae,
2315 2338 2441 2381 ca-

426 2434 732 2489 nescente
764 2419 963 2499 Lots.
995 2471 1016 2511 ‚
1080 2423 1350 2513 villose,
1406 2425 1584 2497 hort.
1623 2418 1846 2496 Paris.
1875 2477 1896 2516 ‚
1951 2430 2247 2519 Broteri,
2280 2431 2437 2501 Srn.

429 2537 577 2630 (ubi
605 2538 1074 2628 pubescentia
1113 2544 1430 2628 tenuior,
1481 2544 1803 2609 vittarum
1841 2568 2170 2612 numerus
2242 2546 2324 2633 3,
2357 2543 2444 2638 4,

427 2659 611 2722 inter
644 2655 847 2722 strias
885 2655 1338 2744 elevatiores,
1370 2681 1503 2724 nec
1539 2681 1679 2725 non
1716 2660 1786 2725 in
1817 2659 2076 2744 Αηιζςο,
2140 2659 2257 2727 ubi
2294 2660 2443 2728 fere

431 2771 765 2856 integram
802 2769 1276 2838 membranam
1339 2771 1780 2841 subsolutam
1845 2774 2128 2865 explent
2177 2776 2447 2842 latissi-

433 2910 562 2953 mae
598 2890 816 2972 vittae,
871 2887 1103 2953 media
1138 2887 1360 2954 fascia
1395 2889 1553 2954 alba
1588 2891 1956 2958 tendin6sa
1991 2893 2450 2986 interceptae),

439 3023 512 3069 et
542 3003 627 3070 T.
663 3006 1036 3071 aromatico
1059 3051 1078 3083 ,
1144 3003 1257 3066 c'ui
1323 3023 1464 3066 non
1518 3005 1747 3068 solum
1811 3003 2044 3094 petala
2081 3024 2152 3072 et
2179 2999 2449 3073 fructus

444 3118 919 3186 subrotundus
956 3118 1373 3184 densissime
1409 3117 1726 3201 villosus,
1747 3118 1875 3183 sed
1906 3120 2041 3208 ipsi
2066 3123 2235 3207 styli
2262 3119 2456 3209 pilo-

446 3235 632 3300 si.—
669 3232 748 3299 P.
793 3235 1195 3324 peregrina,
1257 3231 1565 3316 hirsuta,
1614 3231 1876 3298 foliolis
1922 3234 2077 3299 imis
2118 3234 2457 3300 cordato-

445 3349 666 3415 ovatis
737 3348 1053 3412 serratis:
1151 3344 1631 3435 superioribus
1692 3344 2010 3434 oblongis
2041 3394 2065 3435 ,
2125 3346 2453 3415 umbellis

447 3474 934 3562 fructibusque
993 3471 1319 3562 hispidis.
1353 3469 1686 3535 MAnscu.
1750 3469 1856 3537 Fl.
1888 3470 2092 3537 Taur.
2158 3468 2356 3536 Caue.
2400 3495 2458 3539 ι.

446 3619 525 3683 p.
562 3592 710 3673 241.
738 3636 759 3674 ,
784 3627 872 3642 -—
931 3587 1146 3655 habet
1194 3585 1428 3678 petala
1464 3604 1662 3652 extus
1726 3585 1957 3676 pilosa
2000 3586 2332 3675 quidem,
2392 3605 2464 3652 at

458 3710 723 3773 nemina
761 3703 920 3794 pilis
957 3703 1270 3790 rigidulis
1303 3701 1562 3793 patulis
1595 3699 1919 3792 hispida,
1982 3699 2467 3792 stylopodium

454 3821 604 3887 fere
653 3809 1034 3901 conicum.
1101 3815 1256 3882 basi
1322 3839 1447 3881 sua
1521 3832 1881 3880 contracta
1943 3816 2407 3905 interceptum
2442 3861 2468 3904 ,

456 3935 658 4025 apice
725 3932 796 3996 in
857 3931 1077 4018 stylos
1116 3927 1375 4014 rigidos
1436 3928 1686 4013 longos
1741 3927 2087 3994 desinens.
2120 3967 2212 3980 —
2268 3927 2468 3999 Nunc

460 4066 894 4142 sequuntur,
960 4063 1110 4135 quae
1175 4038 1519 4109 fructibus
1586 4037 1840 4128 glabris
1894 4061 1969 4105 se
2021 4038 2470 4133 distinguunt.
