2946 5014
1420 591 1784 691 (46)

583 767 925 836 rendum?
979 768 1307 837 Mutscu.
1343 769 1391 835 1.
1421 793 1476 837 c.
1504 799 1539 833 n
1600 766 1845 835 Petala
1904 767 2116 859 plana
2156 767 2271 834 vix
2305 765 2610 853 emargi-

583 907 771 973 nata,
799 887 1052 954 similia
1083 885 1168 955 Α.
1203 885 1564 976 sylvestri,
1599 884 1949 975 spiculata
1984 884 2295 951 lacinula
2329 881 2606 951 inflexa.

583 1006 863 1074 Semina
900 1007 1264 1072 immatura
1337 1026 1376 1069 e
1430 1002 1648 1068 livido
1711 1001 2030 1069 umbrina
2067 1002 2303 1068 inflata
2338 1001 2608 1091 ellipti-

587 1149 672 1190 ca
735 1122 1117 1207 turbinata,
1175 1122 1376 1212 quasi
1435 1117 2025 1210 subcompressa,
2086 1118 2608 1203 subaugulosa‚

582 1238 997 1305 brevissime
1038 1253 1374 1301 rostrata:
1421 1252 1652 1300 rostro
1706 1251 2068 1300 contracto
2104 1237 2176 1300 in
2209 1234 2436 1323 plicas
2474 1232 2604 1301 snb

587 1351 1039 1442 stylopodio3
1081 1369 1351 1417 matura
1399 1350 1602 1434 ideo,
1650 1353 1784 1416 nisi
1834 1351 2217 1419 tuberculis
2266 1353 2602 1420 aculeatis

589 1470 854 1557 sparsis
930 1489 968 1531 a
1037 1465 1418 1532 seminibus
1496 1464 1579 1530 A.
1647 1466 2006 1554 sylvestris
2080 1465 2551 1551 dignoscenda
2581 1511 2606 1549 ,

588 1606 739 1677 quae
772 1582 936 1647 hinc
974 1580 1136 1646 inde
1181 1580 1308 1645 sed
1340 1603 1524 1667 raro,
1568 1580 1938 1671 superficie
1976 1581 2358 1648 tuberculis
2399 1605 2606 1672 spar-

587 1703 685 1766 sis
708 1748 730 1782 ‚
795 1698 978 1763 inter
1010 1696 1428 1762 nitidissima
1464 1696 1734 1786 reliqua
1781 1698 2090 1783 semina,
2126 1696 2601 1765 observantur.

574 1813 868 1905 ,Semina
901 1834 1180 1903 quoque
1238 1812 1309 1877 in
1343 1810 1477 1876 hae
1520 1810 1723 1877 basin
1755 1833 1995 1879 versus
2035 1812 2251 1896 magis
2290 1830 2606 1877 attenua-

589 1952 701 2016 ta,
724 1920 943 2021 'quam
981 1930 1051 1994 in
1083 1929 1241 2013 illa,
1284 1928 1642 2014 longiora,
1679 1928 1892 2017 paulo
1929 1927 2124 1994 laevia
2159 1948 2230 1994 et
2263 1927 2482 1994 nitida
2517 1951 2604 1993 ex

583 2047 908 2115 umbrino
956 2047 1408 2132 nigricantis,
1454 2045 1547 2111 ad
1576 2044 1841 2111 lentem
1884 2044 1953 2109 in
1986 2048 2249 2111 recenti
2299 2044 2604 2112 3-linea-

581 2187 674 2234 ιε.
738 2164 967 2233 Costae
1016 2164 1224 2229 rostri
1276 2160 1544 2229 obtusae
1593 2159 2063 2247 secundaria,
2125 2148 2598 2227 exsiccatione

581 2286 1040 2364 oblitteratae,
1106 2282 1178 2346 in
1221 2280 1301 2346 A.
1353 2302 1773 2363 nemorosa,
1818 2279 2174 2346 breviores
2224 2277 2601 2344 obscurio-

578 2423 737 2484 res,
786 2395 1268 2487 stylopodium
1314 2397 1694 2480 angustius.
1742 2394 1918 2463 Setae
1962 2394 2210 2464 breves
2261 2395 2599 2463 tuberon-

578 2517 653 2584 lo
724 2514 1152 2596 insidentes,
1243 2513 2025 2606 spermapodophorum
2096 2517 2278 2582 ciliis
2363 2518 2599 2583 muni·-

581 2651 745 2699 tum.
798 2626 1063 2693 Petalis
1107 2630 1176 2693 in
1208 2627 1293 2696 A.
1330 2629 1692 2717 sylvestri,
1727 2628 1931 2708 aliter
1971 2654 2098 2721 per
2128 2633 2324 2724 peria
2361 2654 2599 2724 aequa-
2703 2669 2712 2678 ·

575 2748 764 2815 libus
799 2792 823 2832 ,
896 2762 976 2810 ut
1052 2746 1122 2809 in
1190 2745 1547 2835 plerisque
1626 2744 2124 2834 umbelliferis,
2209 2748 2539 2817 xobovatis
2571 2795 2596 2835 ,

581 2864 841 2929 extimo
885 2859 926 2947 ²,-
970 2857 1218 2942 mnjori
1261 2858 1710 2950 planissimo,
1777 2862 1959 2927 inter
2019 2867 2596 2953 emarginaturam

574 2994 897 3045 exstante
944 2973 1222 3065 spicula
1270 2989 1453 3064 saepe
1505 2977 1898 3063 terminato,
1924 2982 2404 3047 monstrositas
2440 2984 2596 3047 sin-

576 3094 835 3183 gularis
912 3090 1194 3158 accidit.
1274 3090 1663 3159 «Floribus
1714 3113 1863 3161 erat
1909 3096 2302 3187 quadruplo
2361 3099 2593 3185 majo-

575 3211 770 3281 ribus
820 3209 1293 3301 rqdiantibus,
1362 3209 1616 3299 petalis
1666 3208 1987 3277 foliaceis
2032 3210 2413 3297 viridibus,
2461 3212 2591 3279 ob-

577 3327 887 3396 cordatis
933 3327 1161 3418 planis
1208 3324 1649 3409 emarginatis
1695 3329 2061 3413 nervosis3
2121 3303 2434 3396 ¹antheris
2480 3331 2594 3397 vi-

574 3443 889 3528 ridibus,
965 3442 1166 3532 stylis
1239 3443 1538 3509 setaceis
1618 3441 1820 3531 spice
1868 3443 2536 3533 purpurascentibns
2565 3490 2589 3529 ,

570 3561 826 3654 petalis
875 3560 1092 3650 duplo
1140 3557 1287 3625 fere
1330 3557 1811 3643 longioribus,
1854 3561 2160 3644 germine
2205 3581 2588 3649 purpuras-

577 3695 805 3746 cente.
873 3673 1126 3741 Flores
1175 3673 1354 3739 disci
1400 3674 1717 3739 masculi.
1761 3672 2061 3759 Bssszs,
2105 3676 2151 3741 l.
2201 3699 2312 3739 c.»
2369 3673 2588 3740 Flos-

577 3792 724 3860 culi
767 3788 947 3856 disci
995 3787 1269 3853 steriles
1319 3807 1518 3873 sunt,
1568 3791 1837 3859 semina
1882 3792 2218 3858 eculeolis
2252 3790 2587 3861 brevissi-

492 3975 497 3981 ,
575 3907 710 3972 mis
741 3902 1139 3970 lucinulatis
1179 3900 1636 3968 tuberculatis
1674 3902 2034 3987 muricem,
2057 3905 2588 3996 reliquaparte,

579 4017 797 4090 costis
843 4017 1068 4087 acutis
1137 4019 1212 4086 in
1256 4035 1563 4085 rostrum
1632 4016 2001 4108 productis
2073 4019 2311 4111 nuda,
2379 4040 2588 4112 sper-
