2946 5014
2157 575 2291 663 XI

290 759 965 849 fructificationis
1053 781 1138 849 et
1207 766 1535 850 fructus
1597 766 2128 851 characteres
2189 765 2294 851 ti-

288 956 554 1009 rones
599 958 1164 1041 cognoscere,
1234 931 1497 1013 etiam
1555 932 1641 1013 in
1682 929 2293 1042 vulgatissimis

282 1090 751 1203 generibus
792 1095 1258 1180 familiares
1301 1096 1466 1181 sibi
1522 1096 1892 1179 reddere
1922 1157 1947 1200 ,
2024 1096 2295 1208 potis-

291 1250 620 1334 simum
727 1283 927 1339 vero
1001 1242 1512 1339 Medicinae
1582 1273 1667 1337 et
1729 1252 2292 1338 Pharmaciae

285 1411 740 1517 studiosi,
815 1418 1362 1535 frequentem
1437 1419 1931 1533 specierum
2016 1418 2297 1502 consi-

281 1581 634 1664 milium
726 1603 872 1667 aut
954 1585 1818 1692 venenatissimarum
1903 1616 2320 1711 commu-s

284 1752 743 1867 tationem„
807 1783 1316 1867 praecavere
1367 1755 1494 1839 sic
1553 1753 1892 1839 facilius
1948 1772 2292 1868 queant.

282 1912 960 1994 Commutantur
1059 1944 1235 1994 non
1318 1943 1515 1996 raro
1608 1913 1986 1997 Conium
2083 1939 2300 1995 cum

282 2072 737 2155 Cerefolio
799 2091 883 2155 et
940 2072 1597 2181 Chaerophyllis
1628 2133 1653 2171 ‚
1719 2072 2092 2156 Aethusa
2129 2070 2309 2180 (vi.-

279 2234 519 2314 tium
569 2231 1154 2342 reu-oselini),
1182 2262 1379 2314 cum
1420 2197 2001 2331 Petroselitio,
2043 2232 2307 2315 Phel-

278 2385 735 2481 landrium
804 2426 1003 2480 cum
1072 2394 1240 2478 Siis
1307 2414 1392 2478 et
1453 2396 1959 2497 oenanthe,
2028 2398 2308 2513 Aego-

281 2555 660 2669 podium
740 2553 1265 2669 Podagraria
1337 2555 1693 2668 (vitium
1742 2555 2303 2670 Angelicae)‚

287 2752 493 2804 cum
572 2719 1204 2833 Chaerophyllo
1292 2719 1809 2816 aromatico,
1876 2718 2297 2833 Angelica

288 2917 501 2998 cum
604 2882 1053 2968 Pastinaca
1149 2902 1233 2966 et
1301 2882 1777 2982 Levistico,
1845 2882 2303 2968 Pastinaca

282 3073 493 3140 cutm
530 3046 811 3133 Conio
851 3046 1280 3130 maculato
1312 3065 1394 3128 et
1429 3046 1617 3157 ipsa
1653 3043 1954 3128 Cicuta
1986 3044 2295 3132 virosa.

285 3373 487 3439 cibus
514 3418 535 3455 ,
577 3371 834 3436 coloris
890 3371 1245 3456 sanguinei
1301 3372 1785 3436 saturatissimi
1816 3374 2102 3457 ,petalis
2132 3370 2302 3438 suh-

280 3493 543 3567 ovatis‚
594 3484 1099 3560 obtusiusculis
1129 3529 1150 3568 ,
1195 3508 1230 3549 a
1266 3486 1488 3572 prima
1537 3488 1780 3573 specie
1833 3483 2063 3550 differt
2124 3509 2296 3575 pro-

282 3597 1008 3693 prietatibus.Puncta
1026 3600 1216 3684 nigra
1244 3597 1406 3663 hinc
1435 3597 1599 3662 inde
1631 3623 1898 3688 sparsa,
1918 3598 2007 3664 ad
2036 3598 2298 3666 lentem

281 3716 611 3784 fasciculi
662 3690 1006 3804 pilorum,
1076 3731 1236 3777 sunt
1297 3710 1535 3778 forsan
1607 3711 1854 3779 aliena
1915 3718 2296 3806 parasitica

284 3832 753 3924 corpuscula,
813 3811 1085 3896 saltem.
1117 3831 1185 3893 in
1224 3828 1625 3894 membrana
1677 3848 1959 3894 externa
2014 3829 2090 3898 P.
2128 3854 2296 3896 ura-

280 3949 546 4032 lensis‚
603 3960 1006 4010 constanter
1048 3942 1250 4008 obvia
1315 3961 1535 4007 erant.
1601 3937 1948 4010 ‘Albumen
2009 3947 2080 4008 in
2134 3968 2298 4009 om-

283 4067 494 4138 nibus
557 4086 941 4145 corneum,
1006 4059 1495 4148 introflexum,
1565 4063 1769 4129 sulco
1819 4081 2200 4131 exaratum.
