2946 5014
1420 522 1645 653 (594
1743 518 1777 617 >

682 707 798 800 Sp.
835 731 897 775 2.
951 661 1582 786 Tnxnuhispida,
1634 686 1907 767 dioica,
1948 678 2138 745 foliis
2167 672 2602 765 bipinnatiss

581 827 891 921 pinnulis
947 820 1271 888 tet-natis:
1329 810 1605 879 laciniis
1662 796 2118 892 inaequalibus
2180 787 2609 874 incisis‚·li,

2541 946 2548 953 ι

587 941 939 1010 nearibus.

676 1059 881 1148 Sym?
918 1055 994 1123 P.
1023 1054 1273 1120 dioica.
1299 1047 1468 1113 Man
1482 1064 1626 1109 sca.
1657 1040 1763 1106 Fz.
1792 1033 1858 1103 T
1853 1057 1999 1099 aur.
2020 1029 2222 1095 Cauc.
2259 1047 2315 1090 ι.
2342 1018 2599 1112 proh.

670 1175 959 1241 Habitat
1016 1174 1086 1235 in
1140 1166 1349 1233 siccis
1413 1158 1709 1226 desertis
1746 1149 2057 1229 Rossiae,
2117 1140 2209 1207 ad
2245 1136 2602 1204 coloniam

584 1293 1061 1381 sareptanam.
1123 1281 1372 1349 Floret
1407 1274 1661 1365 Aprili,
1709 1267 1922 1334 Maio.

680 1404 796 1495 Sp.
857 1404 916 1470 3.
1004 1396 1285 1464 TRIMA
1353 1387 1761 1479 Henningii‚
1841 1378 2115 1458 dioica,
2202 1367 2391 1434 foliis
2475 1362 2599 1429 bi-

581 1521 938 1615 pinnatisz
1018 1509 1329 1604 pinnulis
1396 1504 1731 1570 ternatise
1818 1491 2094 1559 laciniis
2163 1480 2593 1569 longissimis

592 1635 930 1716 setaceis,
996 1628 1301 1711 margine
1354 1606 1878 1687 scabriusculis.

617 1805 621 1809 ⁴
669 1748 957 1817 Habitat
994 1749 1063 1811 in
1102 1724 1437 1811 montosis
1476 1732 1774 1802 Caucasi
1813 1723 2194 1794 orientalis,
2228 1709 2589 1785 Floret.—

576 1869 779 1938 Hanc
839 1884 1091 1929 novam
1140 1881 1220 1923 ac
1272 1852 1670 1944 speciosam
1725 1846 2038 1935 plantam
2099 1840 2247 1904 iure
2306 1831 2593 1924 quidem

583 1972 849 2070 optimo
891 1971 1490 2041 denominavimus
1527 1989 1563 2028 a
1617 1963 1703 2029 cl.
1740 1957 2121 2038 Humum,
2145 1950 2479 2016 botanico
2516 1961 2592 2010 et

577 2091 1130 2191 pharmacopola
1180 2110 1319 2152 non
1372 2080 1727 2170 gregario,
1784 2077 1899 2166 qui
1959 2071 2309 2154 rarissima
2362 2078 2593 2131 servat

574 2214 998 2307 exemplaria
1035 2212 1104 2273 in
1134 2203 1459 2271 herbario
1499 2219 1650 2264 suo.
1714 2190 2126 2279 Adscriptus
2184 2203 2333 2251 erat
2382 2184 2591 2263 locus

573 2336 827 2405 natalis
863 2316 1330 2395 Tscherkask.
1356 2308 1883 2382 Inflorescentia
1922 2307 1991 2370 in
2026 2302 2348 2370 omnibus
2387 2299 2593 2386 thyr-

576 2451 867 2532 soidea‚
929 2437 1253 2509 umbellae
1309 2447 1734 2516 ·racemosae.
1824 2420 2260 2487 Petiolorum
2329 2416 2602 2500 vagina

576 2562 1074 2656 amplissimae,
1123 2548 1572 2641 potissimum
1650 2563 1813 2607 vero
1882 2538 1952 2602 in
2016 2536 2216 2601 tertia
2289 2529 2586 2619 specie,

570 2675 1144 2748 membranaceae.
1203 2662 1483 2729 Semina
1544 2659 1612 2721 in
1669 2678 1693 2718 1
1752 2672 1822 2718 et
1889 2676 1929 2720 a
1981 2649 2197 2738 duplo
2269 2646 2586 2733 maiora,

570 2813 774 2883 quam
844 2787 911 2850 in
963 2780 1172 2852 tertia
1204 2774 1490 2863 specie,
1540 2769 1627 2835 ad
1660 2769 1964 2850 lentem,
2017 2784 2095 2831 ut
2136 2781 2280 2830 tota
2341 2760 2587 2849 planta

563 2894 843 2986 hispida
882 2894 954 2956 in
995 2883 1327 2964 secunda.
1387 2878 1791 2947 Substantia
1840 2896 1911 2942 et
1959 2875 2313 2942 crassittes
2364 2865 2591 2934 sube-

2053 2955 2062 2968 ⁹
2605 2952 2630 2978 O

566 3034 771 3093 rosa,
831 3006 977 3071 fere
1015 2998 1413 3087 Cachryos,
1464 2995 1533 3057 in
1572 3016 1742 3082 qua,
1799 2980 2124 3055 albumen
2158 2979 2583 3069 marginibus

567 3121 962 3225 convolutis
1000 3134 1071 3181 et
1104 3110 1605 3201 cotyledonum
1643 3105 1956 3171 insolens
1992 3103 2278 3191 positio,
2303 3095 2578 3184 generis

563 3237 879 3335 praebent
909 3249 1150 3298 notam
1175 3226 1551 3318 potiorem.
1579 3218 1900 3305 (Gazam.
1928 3240 1985 3284 a.
2024 3231 2075 3283 t.
2119 3215 2268 3298 140.
2275 3213 2411 3303 fig
2440 3208 2536 3300 3.)

583 3628 588 3634 ὁ
651 3525 1007 3610 Explicat.
1051 3516 1199 3605 Fe’g.
1288 3509 1346 3576 A
1387 3532 1443 3574 a.
1530 3449 1961 3572 Flosculus.
2015 3500 2167 3567 Bb.
2230 3496 2580 3563 petalum.

562 3642 710 3711 Cc.
747 3637 1076 3705 Stamina.
1131 3626 1287 3697 Dd.
1354 3624 1688 3691 Germen.
1746 3615 1893 3683 Ee.
1950 3614 2126 3706 styli
2188 3638 2349 3681 cum
2402 3613 2586 3697 stig-

566 3753 870 3826 matibus
926 3747 1239 3834 globosis
1319 3739 1434 3831 (in
1519 3732 1597 3799 P.
1677 3734 2124 3820 rotundifolia
2211 3732 2583 3817 elegante:

562 3864 1001 3965 purpureis).
1058 3858 1105 3927 f.
1153 3857 1482 3927 Fructus.
1537 3846 1672 3936 gh.
1732 3845 2033 3917 Semina.
